@INPROCEEDINGS{Shal01,
    author = {Cosma Shalizi, James P. Crutchfield},
    title = {Computational Mechanics: Pattern and Prediction, Structure and Simplicity},
    year = {2001},
}

@INPROCEEDINGS{Graf04,
    author = {Hans Peter Graf, Eric Cosatto,Leon Bottou, Igor Durdanovic, Vladimir Vapnik},
    title = {Parallel Support Vector Machines: The Cascade SVM},
    year = {2004},
}

@INPROCEEDINGS{Hazan08,
    author = {Tamir Hazan, Amit Man, Amnon Shashua},
    title = {A Parallel Decomposition Solver for SVM: Distributed Dual Ascend using Fenchel Duality },
    year = {2008},
}

@INPROCEEDINGS{Moreno03,
    author = {Pedro J. Moreno and Purdy P. Ho and Nuno Vasconcelos},
    title = {A Kullback-Leibler divergence based kernel for SVM classification in multimedia applications},
    booktitle = {In Advances in Neural Information Processing Systems 16},
    year = {2003},
    publisher = {MIT Press}
}

@INPROCEEDINGS{Osuna97,
    author = {Edgar Osuna and Robert Freund and Federico Girosi},
    title = {An improved training algorithm for support vector machines},
    booktitle = {},
    year = {1997},
    pages = {276--285},
    publisher = {IEEE}
}

@INPROCEEDINGS{Lee06,
    author = {Sei-hyung Lee},
    title = {Cone cluster labeling for support vector clustering},
    booktitle = {In Proceedings of 6th SIAM Conference on Data Mining},
    year = {2006},
    pages = {484--488}
}


@ARTICLE{Scholkopf99,
    author = {Bernhard Schölkopf and John C. Platt Z and John Shawe-taylor Y and Alex J. Smola X and Robert C. Williamson X},
    title = {Estimating the support of a high-dimensional distribution},
    journal = {Neural Computation},
    year = {1999},
    volume = {13},
    pages = {2001}
}

@TECHREPORT{Platt98,
    author = {John C. Platt},
    title = {Sequential minimal optimization: A fast algorithm for training support vector machines},
    institution = {Advances in Kernel Methods - Support Vector Learning},
    year = {1998}
}

@INPROCEEDINGS{Mohamed04,
    author = {Refaat M Mohamed and Aly A Farag},
    title = {Mean Field Theory for Density Estimation Using Support Vector},
    booktitle = {Machines,” Seventh International Conference on Information Fusion},
    year = {2004},
    pages = {495--501}
}

@INPROCEEDINGS{Vapnik00,
    author = {Vladimir N. Vapnik and Sayan Mukherjee},
    title = {Support vector method for multivariate density estimation},
    booktitle = {Advances in Neural Information Processing Systems},
    year = {2000},
    pages = {659--665},
    publisher = {MIT Press}
}

@INPROCEEDINGS{Graf05,
    author = {Hans Peter Graf and Eric Cosatto and Leon Bottou and Igor Durdanovic and Vladimir Vapnik},
    title = {Parallel support vector machines: The cascade svm},
    booktitle = {In Advances in Neural Information Processing Systems},
    year = {2005},
    pages = {521--528},
    publisher = {MIT Press}
}

@ARTICLE{Fan05,
    author = {Rong-en Fan and Pai-hsuen Chen and Chih-jen Lin and Thorsten Joachims},
    title = {Working set selection using the second order information for training SVM},
    journal = {Journal of Machine Learning Research},
    year = {2005},
    volume = {6},
    pages = {1889--1918}
}

@MISC{website:fermentas-lambda,
      AUTHOR = "Fermentas Inc.",
      TITLE = "Phage Lambda: description \& restriction map",
      MONTH = "November",
      YEAR = 2008,
      HOWPUBLISHED = "\url{http://www.fermentas.com/techinfo/nucleicacids/maplambda.htm}"
}
